<record><leader>00000cas a22000007a 4500</leader><controlfield tag="001">29291751</controlfield><controlfield tag="008">931109d18831884cauwr ne      0    0eng d</controlfield><datafield ind1=" " ind2=" " tag="010"><subfield code="a">sn 93052159 </subfield></datafield><datafield ind1=" " ind2=" " tag="040"><subfield code="a">CUY</subfield><subfield code="b">eng</subfield><subfield code="c">CNK</subfield><subfield code="d">OCLCQ</subfield></datafield><datafield ind1=" " ind2=" " tag="042"><subfield code="a">msc</subfield></datafield><datafield ind1="0" ind2=" " tag="130"><subfield code="a">Weekly tocsin (Red Bluff, Calif.)</subfield></datafield><datafield ind1="1" ind2="4" tag="245"><subfield code="a">The weekly tocsin.</subfield></datafield><datafield ind1=" " ind2=" " tag="260"><subfield code="a">Red Bluff, Tehama Co., Calif. :</subfield><subfield code="b">H.H. Tolley</subfield></datafield><datafield ind1=" " ind2=" " tag="300"><subfield code="a">v.</subfield></datafield><datafield ind1=" " ind2=" " tag="310"><subfield code="a">Weekly</subfield></datafield><datafield ind1="0" ind2=" " tag="362"><subfield code="a">Vol. 1, no. 1 (Sept. 29, 1883)-v. 1, no. 22 (Feb. 2, 1884).</subfield></datafield><datafield ind1=" " ind2="4" tag="651"><subfield code="a">Red Bluff (Calif.)</subfield><subfield code="v">Newspapers.</subfield></datafield><datafield ind1=" " ind2=" " tag="752"><subfield code="a">United States</subfield><subfield code="b">California</subfield><subfield code="c">Tehama</subfield><subfield code="d">Red Bluff.</subfield></datafield><datafield ind1="0" ind2=" " tag="775"><subfield code="t">Daily evening tocsin</subfield><subfield code="w">(DLC)sn 93052158</subfield></datafield><datafield ind1="0" ind2="1" tag="780"><subfield code="t">Semi-weekly tocsin</subfield><subfield code="w">(DLC)sn 93052157</subfield></datafield><datafield ind1="0" ind2="0" tag="785"><subfield code="t">Tehama County Democrat</subfield><subfield code="w">(DLC)sn 93052160</subfield></datafield><datafield ind1="1" ind2=" " tag="029"><subfield code="a">AU@</subfield><subfield code="b">000025899527</subfield></datafield></record>